% Use this file for citations not found in the ACL Anthology (contained in "anthology.bib").

@article{DBLP:journals/corr/abs-1912-02164,
  author    = {Sumanth Dathathri and
               Andrea Madotto and
               Janice Lan and
               Jane Hung and
               Eric Frank and
               Piero Molino and
               Jason Yosinski and
               Rosanne Liu},
  title     = {Plug and Play Language Models: {A} Simple Approach to Controlled Text
               Generation},
  journal   = {CoRR},
  volume    = {abs/1912.02164},
  year      = {2019},
  url       = {http://arxiv.org/abs/1912.02164},
  eprinttype = {arXiv},
  eprint    = {1912.02164},
  timestamp = {Thu, 02 Jan 2020 18:08:18 +0100},
  biburl    = {https://dblp.org/rec/journals/corr/abs-1912-02164.bib},
  bibsource = {dblp computer science bibliography, https://dblp.org}
}

 @misc{morris_nevinchana_tam_2020, title={Tweet generation with neural networks: LSTM and GPT-2}, url={https://towardsdatascience.com/tweet-generation-with-neural-networks-lstm-and-gpt-2-e163bfd3fbd8}, journal={Medium}, publisher={Towards Data Science}, author={Morris, Jarlai and Nevinchana, Nataliia and Tam, Sarah}, year={2020}, month={May}} 

  @misc{levy_2019, title={Trump Tweet Generator (LSTM for text generation)}, url={https://www.kaggle.com/code/talevy23/trump-tweet-generator-lstm-for-text-generation}, journal={Kaggle}, publisher={Kaggle}, author={Levy, Tal}, year={2019}, month={May}} 

  @misc{leiter2022explainable,
      title={Towards Explainable Evaluation Metrics for Natural Language Generation}, 
      author={Christoph Leiter and Piyawat Lertvittayakumjorn and Marina Fomicheva and Wei Zhao and Yang Gao and Steffen Eger},
      year={2022},
      eprint={2203.11131},
      archivePrefix={arXiv},
      primaryClass={cs.CL}
}

@misc{karimi2020adversarial,
      title={Adversarial Training for Aspect-Based Sentiment Analysis with BERT}, 
      author={Akbar Karimi and Leonardo Rossi and Andrea Prati},
      year={2020},
      eprint={2001.11316},
      archivePrefix={arXiv},
      primaryClass={cs.LG}
}